%
%  An example of a bibliographical database for bibTeX
%
%  Recommended software for maintenance of *.bib files:
%    JabRef, http://jabref.sourceforge.net/
%
%  BEWARE:
%
%    *  If a name contains a capital letter, which must be kept such,
%       use curly brackets ({T}hailand, {HIV}).
%
%  ===========================================================================

@online{DeepHear,
  author = {Felix Sun},
  title = {DeepHear - Composing and harmonizing music with neural networks},
  url = {http://web.mit.edu/felixsun/www/neural-music.html},
  urldate = {2016-04-02}
}

@online{Corrado15,
  author = {Greg Corrado},
  title = {Computer, respond to this email.},
  year = 2015,
  url = {http://googleresearch.blogspot.cz/2015/11/computer-respond-to-this-email.html#1},
  urldate = {2016-03-31}
}

@online{Karpathy15,
  author = {Andrej Karpathy},
  title = {The Unreasonable Effectiveness of Recurrent Neural Networks},
  year = 2015,
  url = {http://karpathy.github.io/2015/05/21/rnn-effectiveness/},
  urldate = {2016-04-01}
}

@article{GatysEB15a,
  author    = {Leon A. Gatys and
               Alexander S. Ecker and
               Matthias Bethge},
  title     = {A Neural Algorithm of Artistic Style},
  journal   = {CoRR},
  volume    = {abs/1508.06576},
  year      = {2015},
  url       = {http://arxiv.org/abs/1508.06576},
  timestamp = {Tue, 01 Sep 2015 14:42:40 +0200},
  biburl    = {http://dblp.uni-trier.de/rec/bib/journals/corr/GatysEB15a},
  bibsource = {dblp computer science bibliography, http://dblp.org}
}

@article{LiW16,
  author    = {Chuan Li and
               Michael Wand},
  title     = {Combining Markov Random Fields and Convolutional Neural Networks for
               Image Synthesis},
  journal   = {CoRR},
  volume    = {abs/1601.04589},
  year      = {2016},
  url       = {http://arxiv.org/abs/1601.04589},
  timestamp = {Mon, 01 Feb 2016 15:36:05 +0100},
  biburl    = {http://dblp.uni-trier.de/rec/bib/journals/corr/LiW16},
  bibsource = {dblp computer science bibliography, http://dblp.org}
}

@online{DeepDrumpf,
  author = {Bradley Hayes},
  year = {2016},
  url = {https://twitter.com/deepdrumpf}
}

@article{Mnih2015human,
  title={Human-level control through deep reinforcement learning},
  author={Mnih, Volodymyr and Kavukcuoglu, Koray and Silver, David and Rusu, Andrei A and Veness, Joel and Bellemare, Marc G and Graves, Alex and Riedmiller, Martin and Fidjeland, Andreas K and Ostrovski, Georg and others},
  journal={Nature},
  volume={518},
  number={7540},
  pages={529--533},
  year={2015},
  publisher={Nature Publishing Group}
}

@article{Silver2016mastering,
  title={Mastering the game of Go with deep neural networks and tree search},
  author={Silver, David and Huang, Aja and Maddison, Chris J and Guez, Arthur and Sifre, Laurent and van den Driessche, George and Schrittwieser, Julian and Antonoglou, Ioannis and Panneershelvam, Veda and Lanctot, Marc and others},
  journal={Nature},
  volume={529},
  number={7587},
  pages={484--489},
  year={2016},
  publisher={Nature Publishing Group}
}

@book{Allis1994searching,
  title={Searching for solutions in games and artificial intelligence},
  author={Allis, Louis Victor and others},
  year={1994},
  publisher={Ponsen \& Looijen}
}
